@inbook{rosen2011energy,
title = "Energy storage in future power systems",
publisher = "Nova Science Publishers, Incorporated",
author = "Rasmussen, {Claus Nygaard} and Jacob Ã˜stergaard and Divya, {K. C.}",
year = "2011",
editor = "Rosen, {Marc A.}",
isbn = "978-1-61324-708-2",
booktitle = "Energy storage",
}

@article{interconnection2010survey,
  title={A survey of transmission cost allocation issues, methods and practices},
  author={Interconnection, PJM},
  journal={Valley Forge},
  year={2010}
}

@inproceedings{de2014investigation,
  title={Investigation of grid loss reduction under closed-ring operation of MV distribution grids},
  author={de Groot, RJW and Morren, J and Slootweg, JG},
  booktitle={PES General Meeting| Conference \& Exposition, 2014 IEEE},
  pages={1--5},
  year={2014},
  organization={IEEE}
}

@inproceedings{AdamWierman2014,
 title={Opportunities and challenges for data center demand response},
  author={Wierman, Adam and Liu, Zhenhua and Liu, Iris and Mohsenian-Rad, Hamed},
  booktitle={Green Computing Conference (IGCC), 2014 International},
  pages={1--10},
  year={2014},
  organization={IEEE}
}

@article{haowang2014grid,
 author = {Wang, Hao and Huang, Jianwei and Lin, Xiaojun and Mohsenian-Rad, Hamed},
 title = {Exploring Smart Grid and Data Center Interactions for Electric Power Load Balancing},
 journal = {SIGMETRICS Perform. Eval. Rev.},
 issue_date = {December 2013},
 volume = {41},
 number = {3},
 month = jan,
 year = {2014},
 issn = {0163-5999},
 pages = {89--94},
 numpages = {6},
 url = {http://doi.acm.org/10.1145/2567529.2567556},
 doi = {10.1145/2567529.2567556},
 acmid = {2567556},
 publisher = {ACM},
 address = {New York, NY, USA},
 keywords = {data center, dynamic pricing, load balancing, smart grid},
}


@article{ghatikar2014demand,
  title={Demand response opportunities and enabling technologies for data centers: Findings from field studies},
  author={Ghatikar, Girish},
  year={2014}
}

@ARTICLE{aman2012ITPD,
author={Amanulla, B. and Chakrabarti, S. and Singh, S.N.},
journal={Power Delivery, IEEE Transactions on},
title={Reconfiguration of Power Distribution Systems Considering Reliability and Power Loss},
year={2012},
month={April},
volume={27},
number={2},
pages={918-926},
doi={10.1109/TPWRD.2011.2179950},
ISSN={0885-8977},}


@book{Seifi11,
	author    = "{Seifi, Hossein, Sepasian, Mohammad Sadegh}",
	title     = "{Electric Power System Planning}",
	publisher = {Springer},
	year      = {2011},
}

@article{bills1970line,
  title={On-line stability analysis study},
  author={Bills, GW and others},
  journal={Report for the Edison Electric Institute RP90-1},
  year={1970}
}

@misc{DCmap,
	author = 	 {{Data Center Research}},
	title = 	 {{Data Center Map}},
	note = {\url{http://www.datacentermap.com/datacenters.html}},
	year = {2014}
}

@article{lei2006modeling,
  title={Modeling of the wind turbine with a doubly fed induction generator for grid integration studies},
  author={Lei, Yazhou and Mullane, Alan and Lightbody, Gordon and Yacamini, Robert},
  journal={Energy Conversion, IEEE Transactions on},
  volume={21},
  number={1},
  pages={257-264},
  year={2006},
  publisher={IEEE}
}

@inproceedings{berral2014building,
  title={Building Green Cloud Services at Low Cost},
  author={Berral, Josep L and Goiri, Inigo and Nguyen, Thu D and Gavalda, Ricard and Torres, Jordi and Bianchini, Ricardo},
  booktitle={Distributed Computing Systems (ICDCS), 2014 IEEE 34th International Conference on},
  pages={449-460},
  year={2014},
  organization={IEEE}
}


@InProceedings{Aksanli2011utilizing,
  title={{Utilizing Green Energy Prediction to Schedule Mixed Batch and Service Jobs in Data Centers}},
  author={B. Aksanli and others},
  booktitle={HotPower},
  year={2011}
}


@misc{CRC,
	author = "{UK Government}",
	title = "{CRC Energy Efficiency Scheme}",
	note = {\url{https://www.gov.uk/crc-energy-efficiency-scheme/}},
	year = "2013"
}

@misc{EIA,
	author = "{U.S. Energy Information Administration}",
	title = "{How much electricity is lost in transmission and distribution in the United States?}",
	note = {\url{http://www.eia.gov/tools/faqs/faq.cfm?id=105&t=3}},
	year = "2014"
}

@misc{Enercon12,
        author = "{Enercon}",
        title = "{Enercon Product Overview}",
        note = {\url{http://www.enercon.de/p/downloads/EN_PUE_en_web.pdf}},
        year = "2012"
}

@misc{PrimeRate,
	author = "{US Government}",
	title = "{Prime Interest Rate}",
	note = {\url{http://www.moneycafe.com/personal-finance/prime-rate/}},
	year = "2013"
}

@TechReport{Wiser12,
	author = 	 {Ryan Wiser and Mark Bolinger},
	title = 	 "{2011 Wind Technologies Market Report}",
	institution =  {U.S. Department of Energy},
	year = 	 {2012},
	month = 	 aug,
}

@TechReport{Barbose12,
	author = 	 {Galen Barbose and Naim Darghouth and Ryan Wiser},
	title = 	 "{Tracking the Sun V: An Historical Summary of the
			Installed Price of Photovoltaics in the United States
			from 1998 to 2011}",
	institution =  {Lawrence Berkeley National Laboratory},
	year = 	 {2012},
	number = 	 {LBNL-5919E},
	month = 	 nov
}

@misc{doe2009eia,
	title={{Department of Energy. US Energy Information Administration}},
	note={\url{http://www.eia.doe.gov/}},
	year={2009}
}


@inproceedings{Stewart09,
	author = "C. Stewart and K. Shen",
	title = "{Some Joules Are More Precious Than Others: Managing Renewable Energy in the Datacenter}",
	booktitle = "HotPower",
	year = "2009"
}

@misc{SolarBuzz,
    author = "SolarBuzz",
    title = "Solar Market Research and Analysis",
    note = {\url{http://www.solarbuzz.com/facts-and-figures}},
    year = "2013"
}

@misc{wdotcom,
	author = "The Weather Channel",
	title = "National and Local Weather Forecast",
	note = {\url{http://www.weather.com}}
}

@inproceedings{Le09,
	author = {K. Le and others},
	title = "{Cost- And Energy-Aware Load Distribution Across Data Centers}",
	booktitle = "HotPower",
	year = "2009",
}

@inproceedings{Le10,
	author = {K. Le and others},
	title = "{Capping the Brown Energy Consumption of Internet Services at Low Cost}",
	booktitle = "IGCC",
	year = "2010"
}

@inproceedings{Le11,
	author = {K. Le and J. Zhang and J. Meng and R. Bianchini and Y. Jaluria and T. D. Nguyen},
	title = "{Reducing Electricity Cost Through Virtual Machine Placement in High Performance Computing Clouds}",
	booktitle = "SC",
	year = {2011}
}

@inproceedings{Goiri11place,
  title={Intelligent placement of datacenters for internet services},
  author={Le, Kien and Guitart, Jordi and Torres, Jordi and Bianchini, Ricardo and others},
  booktitle={Distributed Computing Systems (ICDCS), 2011 31st International Conference on},
  pages={131--142},
  year={2011},
  organization={IEEE}

}

@inproceedings{Goiri11,
    author = {\'I. Goiri and Kien Le and Md. E. Haque and Ryan Beauchea and Thu D. Nguyen and Jordi Guitart and Jordi Torres and Ricardo Bianchini },
    title = "{GreenSlot: Scheduling Energy Consumption in Green Datacenters}",
    booktitle = "SC",
    month = "November",
    year = "2011"
}

@inproceedings{Goiri12,
    author = {\'I. Goiri and Goiri and Kien Le and Thu D. Nguyen and Jordi Guitart and Jordi Torres and Ricardo Bianchini },
    title = "{GreenHadoop: Leveraging Green Energy in Data-Processing Frameworks}",
    booktitle = "EuroSys",
    year = "2012"
}

@inproceedings{Goiri13,
    author = {\'I. Goiri and William Katsak and Kien Le and Thu D. Nguyen and Ricardo Bianchini },
    title = "{Parasol and GreenSwitch: Managing Datacenters Powered by Renewable Energy}",
    booktitle = "ASPLOS",
    year = "2013"
}

@inproceedings{Ren12,
	title="{Carbon-Aware Energy Capacity Planning for Datacenters}",
	author={C. Ren and others},
	booktitle={MASCOTS},
	year="2012",
}

@inproceedings{ZhangWW11,
	title = "{GreenWare: Greening Cloud-Scale Data Centers to Maximize the Use of Renewable Energy}",
	author = {Zhang, Yanwei and Wang, Yefu and Wang, Xiaorui},
	booktitle = {Middleware},
	year = {2011},
}

@inproceedings{urgaonkar2011optimal,
	title="{Optimal power cost management using stored energy in data centers}",
	author={Urgaonkar, Rahul and Urgaonkar, Bhuvan and Neely, Michael J and Sivasubramaniam, Anand},
	booktitle={SIGMETRICS},
	year={2011}
}

@inproceedings{LLWA12IGCC,
	title = "Online Algorithms for Geographical Load Balancing",
	author = "Minghong Lin and Zhenhua Liu and Adam Wierman and Lachlan L. H. Andrew",
	booktitle = "IGCC",
	year = {2012},
}

@article{Liu-2012-GLB-PER,
	title = "Geographical Load Balancing with Renewables",
	author = "Z. Liu and M. Lin and A. Wierman and S. H. Low and L. L. H. Andrew",
	booktitle = "GreenMetrics",
	year = {2012},
}

@inproceedings{Liu2012,
	author = {Zhenhua Liu and Yuan Chen and Cullen Bash and Adam Wierman and Daniel Gmach and Zhikui Wang and Manish Marwah and Chris Hyser},
	title = "{Renewable and Cooling Aware Workload Management for Sustainable Data Centers}",
	booktitle = {SIGMETRICS},
	year = {2012}
}

@inproceedings{Turner06,
	author = {Turner W. P. and Seader J. H.},
	title = "{Dollars per KW Plus Dollars per Square Foot are a Better Data Center Cost Model than Dollars per Square Foot Alone}",
	booktitle = {Uptime Institute},
	year = {2006}
}

@inproceedings{Stansberr06,
	author = {M. Stansberr},
	title = "{Data Center Locations Ranked by Operating Cost}",
	booktitle = {SearchDatacenter.com},
	year = {2006}
}

@inproceedings{Dalger05,
	author = {D. Alger},
	title = "{Choosing an Optimal Location for Your Data Center}",
	booktitle = {InformIT},
	year = {2006}
}

@article{Boley09,
	author = {B. Oley},
	title = "{Power \& Approaching the Best Place to Build a Data Center}",
	booktitle = {Data Center Journal},
	year = {2009},
	pages = {32-33}
}

@book{BarrosoH09,
	author    = {Luiz Andr{\'e} Barroso and Urs H{\"o}lzle},
	title     = "{The Datacenter as a Computer: An Introduction to the
Design of Warehouse-Scale Machines}",
	year      = {2009},
}

@inproceedings{parasol12,
	author = {R. Bianchini, I. Goiri, K. Le and T.D.Nguyen},
	title = {Parasol: Solar Powered microData Center},
	booktitle = {http://parasol.cs.rutgers.edu},
	year = {2012}
}

@article{opennebula11,
	author = {Dejan Milojicic and Ignacio M. Llorente and Ruben S. Montero},
	title = "{OpenNebula: A Cloud Management Tool}",
	journal ={IEEE Internet Computing},
	volume = {15},
	year = {2011}
}

@article{Huld10,
        title="{Mapping the Performance of PV Modules, Effects of Module Type
and Data Averaging}",
        volume={84},
        number={2},
        journal={Solar Energy},
        author={Huld, Thomas and others},
        year={2010}
}

@article{King_Boyson_Kratochvil_2004,
	title={PHOTOVOLTAIC ARRAY PERFORMANCE MODEL},
	volume={8},
	number={November},
	journal={System},
	publisher={United States. Dept. of Energy},
	author={King, D L and Boyson, W E and Kratochvil, J A},
	year={2004},
}

@inproceedings{raeng12,
	author = {Royal Academy of Engineering},
	title = {Wind Turbine Power Calculations},
	booktitle = {\url{http://raeng.org.uk}},
	year = {June 2012}
}

@misc{gurobi,
	author = "Gurobi Optimization, Inc.",
	title = "Gurobi Optimizer Reference Manual",
	year = 2012,
	note = {\url{http://www.gurobi.com}}
}

@misc{openNebula,
	note = {\url{http://www.opennebula.org}},
	author = {{Distributed Systems Architecture Research Group}},
	institution = {Universidad Complutense de Madrid},
	title = {{OpenNebula Project}},
	year = {2009}
}

@misc{virtualBox,
	note = {\url{http://www.virtualbox.org}},
	author = {{Oracle}},
	title = {{VirtualBox}},
	year = {2008}
}

@misc{tseppa99,
	author = "T. Seppa",
	title = "{Improving Asset Utilization of Transmission Lines by Real Time Rating}",
	booktitle = "T&D Commitee Meeting",
	year = "1999"
}

@article{nichols2010commercial,
	title={{Commercial and Residential Land Prices Across the United States}},
	author={Nichols, J. B. and Oliner, S. D. and Mulhall, M. R.},
	journal={Finance and Economics Discussion Series},
	year={2010}
}

@inproceedings{wang2012energy,
	title="{Energy Storage in Datacenters: What, Where, and How Much?}",
	author={Di Wang and Chuangang Ren and Anand Sivasubramaniam and Bhuvan Urgaonkar and Hosam Fathy},
	booktitle={SIGMETRICS},
	year={2012}
}

@thesis{love2000land,
	title="{Land Area and Storage Requirements for Wind and Solar Generation to Meet the US Hourly Electrical Demand}",
	author={Murray Love},
	year={2000}
}

@inproceedings{Pinheiro06,
	title = "{Exploiting Redundancy to Conserve Energy in Storage Systems}",
	author = {E. Pinheiro and R. Bianchini and C. Dubnicki},
	booktitle = {SIGMETRICS},
	year={2006}
}

@book{siewiorek,
	author = {D. Siewiorek and R. Swarz},
	title = {{Reliable Computer Systems Design and Evaluation}},
	publisher = {A. K. Peters},
	year = {1998}
}

@inproceedings{larumbe2012optimal,
  title={Optimal location of data centers and software components in cloud computing network design},
  author={Larumbe, Federico and Sans{\`o}, Brunilde},
  booktitle={Proceedings of the 2012 12th IEEE/ACM International Symposium on Cluster, Cloud and Grid Computing (ccgrid 2012)},
  pages={841--844},
  year={2012},
  organization={IEEE Computer Society}

}

@Book{Koomey2011,
	author = {J. Koomey},
	title = {{Growth In Data Center Electricity Use 2005 To 2010}},
	publisher = {Analytics Press},
	address = {Oakland, CA},
	year = {2011}
}

@misc{GoogleGreen,
author={{Google}},
title={{Renewable energy \- Data Centers \- Google}},
note={\url{http://www.google.com/about/datacenters/renewable/}},
year = {2014}
}


@misc{GE15MW,
author={{General Electric Company}},
title={{1.5 MW Wind Turbine Technical Specifications}},
note={\url{http://site.ge-energy.com/prod_serv/products/wind_turbines/en/15mw/specs.htm}},
year = {2013}
}

@misc{McGrawHill11,
	author = {Rich Miller},
	institution = "{Data Center Knowledge}",
	title = "{Data Centers Scale Up Their Solar Power}",
	year = {2012},
	note = {\url{http://www.datacenterknowledge.com/archives/2012/05/14/data-centers-scale-up-their-solar-power/}}
}

@misc{Apple13,
    author = {{Apple}},
    title = {{Apple and the Environment}},
    year = {2013},
    note = {http://www.\-apple.\-com/en\-vi\-ron\-ment/re\-new\-able-energy/}
}

@Misc{AppleSolar,
	author = 	 {{Apple Inc.}},
	title = 	 {{Apple and the Environment}},
	note = {\url{http://www.apple.com/environment/renewable-energy/}},
	year = {2013}
}

@Misc{nytimes2014,
	author = 	 {{Julfikar Ali Manik and Nida Najar}},
	institution = "{The New York Times}",
	title = 	 {{Electricity Returns to Bangladesh After Power Failure}},
	note = {\url{http://www.nytimes.com/2014/11/02/world/asia/power-grid-failure-puts-bangladesh-in-the-dark.html}},
	year = {2014}
}

@article{Mankoff2008,
	author = {Mankoff, Jennifer and Kravets, Robin and Blevis, Eli},
	journal = {Computer},
	ignore_month = aug,
	number = {8},
	title = {{Some Computer Science Issues in Creating a Sustainable World}},
	volume = {41},
	year = {2008}
}

@misc{GreenQloud,
	author = "{GreenQloud}",
	howpublished = {\url{http://greenqloud.com}}
}

@misc{GreenQloudPricing,
	author = "{GreenQloud}",
	howpublished = {\url{http://greenqloud.com/pricing/}},
	year = {2013}
}

@misc{GRI,
	author = "{Global Reporting Initiative}",
	note = {\url{https://www.globalreporting.org}}
}

@misc{GHD-dc,
	author = "{Green House Data}",
	note = {\url{http://www.greenhousedata.com/about-us/green-data-center/}},
	year = {2013}
}

@misc{EPA-report,
	author = "{US Environmental Protection Agency}",
	title = "{Report to Congress on Server and Data Center Energy Efficiency}",
	year = "2007"
}

@misc{Apple11,
	author = "{Data Center Knowledge}",
	title = "{Apple Plans 20MW of Solar Power for iDataCenter}",
	year = {2012},
	note = {\url{http://www.datacenterknowledge.com/archives/2012/02/20/apple-plans-20mw-of-solar-power-for-idatacenter/}}
}

@misc{Apple12,
	author = "{Apple Inc.}",
	title = "{Apple Facilities Environmental Footprint Report}",
	year = {2012},
	note = {\url{http://images.apple.com/environment/reports/docs/Apple_Facilities_Report_2013.pdf}}
}

@misc{GHD,
	author = "{Green House Data}",
	title = "{An Economically Responsible Data Center}",
	year = {2012},
	note = {\url{http://www.greenhousedata.com/}}
}

@misc{AISO,
	author = "{AISO.net}",
	title = "{Web Hosting as Nature Intended}",
	year = {2012},
	note = {\url{http://www.aiso.net/}}
}

@misc{Koomey11,
	title="{Growth in Data Center Electricity Use 2005 to 2010}",
	author={J. Koomey},
	note={Analytic Press},
	year={2011}
}

@article{Mankoff08,
	title="{Some Computer Science Issues in Creating a Sustainable World}",
	author={Mankoff, J. and Kravets, R. and Blevis, E.},
	journal={IEEE Computer},
	volume={41},
	number={8},
	year={2008}
}

@misc{Green-web-hosting,
	author = "{EcobusinessLinks}",
	title = "{Green Hosting - Sustainable Solar \& Wind Energy Web Hosting}",
	year = {2012},
	note = {\url{http://www.ecobusinesslinks.com/green_webhosts/}}
}

@inproceedings{li2012iswitch,
	title="{iSwitch: Coordinating and Optimizing Renewable Energy Powered Server Clusters}",
	author={Chao Li and Amer Qouneh and Tao Li},
	booktitle={ISCA},
	year={2012},
}

@misc{HDFS,
	title="{HDFS Architecture Guide}",
	author={Dhruba Borthakur},
	note = {\url{http://hadoop.apache.org/common/docs/current/hdfs_design.pdf}},
	year={2008}
}

@inproceedings{hirofuchi2009live,
	title="{A Live Storage Migration Mechanism Over WAN for Relocatable Virtual Machine Services on Clouds}",
	author={Takahiro Hirofuchi  and Hirotaka Ogawa and Hidemoto Nakada and Satoshi Itoh and Satoshi Sekiguchi},
	booktitle={CCGridd},
	year={2009},
}

@inproceedings{wood2011cloudnet,
	title="{CloudNet: Dynamic Pooling of Cloud Resources by Live WAN Migration of Virtual Machines}",
	author={Timothy Wood and KK Ramakrishnan and Prashant Shenoy and Jacobus Van der Merwe},
	booktitle={VEE},
	year={2011},
}

@inproceedings{rao2010minimizing,
	title="{Minimizing Electricity Cost: Optimization of Distributed Internet Data Centers in a Multi-Electricity-Market Environment}",
	author={Rao, Lei and Liu, Xue and Xie, Le and Liu, Wenyu},
	booktitle={INFOCOM},
	year={2010},
}

@inproceedings{wang2013data,
	title="{Data Centers as Controllable Load Resources in the Electricity Market}",
	author={Rui Wang and Nagarajan Kandasamy and Chika Nwankpa and David R Kaeli},
	booktitle={ICDCS},
	year={2013}
}

@inproceedings{gao2013answer,
  title={The answer is blowing in the wind: Analysis of powering internet data centers with wind energy},
  author={Gao, Van and Zeng, Zheng and Liu, Xue and Kumar, P Roshan},
  booktitle={INFOCOM, 2013 Proceedings IEEE},
  pages={520--524},
  year={2013},
  organization={IEEE}

}

@article{Rahman13,
	title="{A Survey on Geographic Load Balancing Based Data Center Power Management in the Smart Grid Environment}",
	author={Ashikur Rahman and Xue Liu and Fanxin Kong},
	journal={IEEE Communications Surveys and Tutorials}
}

@INPROCEEDINGS{Mohsenian-Rad10grid,
author={Mohsenian-Rad, A.-H. and Leon-Garcia, A.},
booktitle={2010 First IEEE International Conference on Smart Grid Communications (SmartGridComm)},
title="{Coordination of Cloud Computing and Smart Power Grids}",
year={2010},
pages={368-372}
}

@misc{lbnl12report,
	title="{Demand Response Opportunities and Enabling Technologies for Data Centers: Findings from Field Studies}",
	author={Girish Ghatikar and Venkata Ganti and Nance Matson and Mary Ann Piette},
	note = {LBNL},
	year={2012}
}

@misc{lbnl12shortstudy,
	title="{Smart Grid as a Driver for Energy-Intensive Industries: A Data Center Case Study}",
	author={Venkata Ganti and Girish Ghatikar},
	note = {LBNL},
	year={2012}
}


@inproceedings{liu2014pricing,
 title={Pricing data center demand response},
  author={Liu, Zhenhua and Liu, Iris and Low, Steven and Wierman, Adam},
  booktitle={The 2014 ACM international conference on Measurement and modeling of computer systems},
  pages={111--123},
  year={2014},
  organization={ACM}

}

@inproceedings{Aikema12,
  author    = {David Aikema and
               Rob Simmonds and
               Hamidreza Zareipour},
  title     = {Data centres in the ancillary services market},
  booktitle = {IGCC},
  year      = {2012},
  pages     = {1-10}
}

@Misc{RM14DCGrowth,
  author = 	 "{ResearchAndMarkets}",
  title = 	 "{Global Data Center Construction Market 2014-2018}",
  year = 	 {2014},
  note =         {\nolinkurl{http://www.researchandmarkets.com/reports/2757583/}}
}

@InProceedings{Ren12MASCOTS,
  title={Carbon-aware energy capacity planning for datacenters},
  author={Ren, Chuangang and Wang, Di and Urgaonkar, Bhuvan and Sivasubramaniam, Anand},
  booktitle={Modeling, Analysis \& Simulation of Computer and Telecommunication Systems (MASCOTS), 2012 IEEE 20th International Symposium on},
  pages={391--400},
  year={2012},
  organization={IEEE}

}
